<record><leader>00000cas a22000007a 4500</leader><controlfield tag="001">15499309</controlfield><controlfield tag="008">870407d19281931iaudn ne      0    0eng d</controlfield><datafield ind1=" " ind2=" " tag="010"><subfield code="a">sn 87057276 </subfield></datafield><datafield ind1=" " ind2=" " tag="040"><subfield code="a">INP</subfield><subfield code="b">eng</subfield><subfield code="c">INP</subfield><subfield code="d">OCLCQ</subfield></datafield><datafield ind1=" " ind2=" " tag="042"><subfield code="a">msc</subfield></datafield><datafield ind1="0" ind2="0" tag="245"><subfield code="a">Des Moines tribune-capital.</subfield></datafield><datafield ind1="1" ind2="3" tag="246"><subfield code="a">Des Moines tribune</subfield></datafield><datafield ind1=" " ind2=" " tag="260"><subfield code="a">Des Moines, Iowa :</subfield><subfield code="b">Register and Tribune Co.,</subfield><subfield code="c">1928-1931.</subfield></datafield><datafield ind1=" " ind2=" " tag="300"><subfield code="a">5 v.</subfield></datafield><datafield ind1=" " ind2=" " tag="310"><subfield code="a">Daily (except Sunday)</subfield></datafield><datafield ind1="1" ind2=" " tag="362"><subfield code="a">Vol. 47, no. 178 (Mar. 12, 1928)-v. 51, no. 76 (Nov. 14, 1931).</subfield></datafield><datafield ind1=" " ind2=" " tag="752"><subfield code="a">United States</subfield><subfield code="b">Iowa</subfield><subfield code="c">Polk</subfield><subfield code="d">Des Moines.</subfield></datafield><datafield ind1="0" ind2="0" tag="780"><subfield code="t">Evening tribune, the Des Moines capital</subfield><subfield code="w">(DLC)sn 87057106</subfield></datafield><datafield ind1="0" ind2="0" tag="785"><subfield code="t">Des Moines tribune</subfield><subfield code="w">(DLC)sn 82014083</subfield></datafield></record>